@article{van2011mice,
  title={mice: Multivariate imputation by chained equations in R},
  author={Van Buuren, Stef and Groothuis-Oudshoorn, Karin},
  journal={Journal of statistical software},
  volume={45},
  pages={1--67},
  year={2011}
}

@book{van2018flexible,
  title={Flexible imputation of missing data},
  author={Van Buuren, Stef},
  year={2018},
  publisher={CRC press}
}